@online{wikipedia-scrum,
    author={Wikipedia},
    title={Scrum},
    url={https://en.wikipedia.org/wiki/Scrum_(software_development)},
    urldate={2024-09-22}
}